
% BibTeX Entries

@inproceedings{GoogleMR:2004,
 address              = {},
 author               = {J. Dean and S. Ghemawat},
 booktitle            = {MapReduce: simplified data processing on large clusters},
 isbn                 = {},
 pages                = {107--113},
 publisher            = {},
 title                = {Communications of the ACM},
 year                 = {2004},
 }

@inproceedings{setiawan2009pemilihan,
  title={Pemilihan EA Framework},
  author={Setiawan, Erwin Budi},
  booktitle={Seminar Nasional Aplikasi Teknologi Informasi (SNATI)},
  year={2009}
}

@book{book:339389,
   title =     {Data Mining Techniques. For Marketing, Sales, and Customer Support},
   author =    {Michael J. A. Berry, Gordon Linoff},
   publisher = {Verlag John Wiley And Sons, Inc},
   isbn =      {0471179809,9780471179801},
   year =      {1997},
   series =    {},
   edition =   {},
   volume =    {},
   url = {\urlhttp://gen.lib.rus.ec/book/index.php?md5=3AC2395818033EE782043FC204620215},
}
 
@book{Piateski:1991:KDD:583310,
 author = {Piateski, Gregory and Frawley, William},
 title = {Knowledge Discovery in Databases},
 year = {1991},
 isbn = {0262660709},
 publisher = {MIT Press},
 address = {Cambridge, MA, USA},
} 

@book{zikopoulos2011understanding,
  title={Understanding big data: Analytics for enterprise class hadoop and streaming data},
  author={Zikopoulos, Paul and Eaton, Chris and others},
  year={2011},
  publisher={McGraw-Hill Osborne Media}
}
 
@book{Holmes:2012:HP:2543981,
 author = {Holmes, Alex},
 title = {Hadoop in Practice},
 year = {2012},
 isbn = {1617290238, 9781617290237},
 publisher = {Manning Publications Co.},
 address = {Greenwich, CT, USA},
}
 
@book{Lam:2010:HA:1965594,
 author = {Lam, Chuck},
 title = {Hadoop in Action},
 year = {2010},
 isbn = {1935182196, 9781935182191},
 edition = {1st},
 publisher = {Manning Publications Co.},
 address = {Greenwich, CT, USA},
}

@misc{MengenalMaven2015EGunawan,
	author = {Erik Gunawan},
  title = {Mengenal Apache Maven},
  year = {2015},
	note = "[Online; diakses 09-April-2017]",
  howpublished = "\url{http://www.erikgunawan.com/mengenal-apache-maven/}",
}
@misc{JNetwork2012introductionBigData,
	author = {J. network},
  title = {Introduction To Big Data - Infrastructure and Networking Considerations},
  year = {2012},
	note = "[Online; diakses 09-April-2017]",
  howpublished = "\url{http://www.one.com.vn/sites/default/files/file-attached/catalog/introduction_
to_big_data_-_infrastructure_and_networking_considerations.pdf}",
}

@misc{MissingVal:2016,
  author = {Jacob Joseph},
	note = "[Online; diakses 09-April-2017]",
  title = {How To Treat Missing Values in Your Data},
  year = {2016},
  howpublished = "\url{http://www.datasciencecentral.com/profiles/blogs/how-to-treat-missing-values-in-your-data-1}",
}
@misc{ApacheLicense2.0:2004,
  author = {Apache Software Foundation},
  title = {Apache License 2.0},
  year = 2004,
  howpublished = "\url{http://www.apache.org/licenses/LICENSE-2.0.txt}",
  note = "[Online; diakses 05-April-2017]"
}
@misc{DataMiningIntro:2015,
	title={{Chapter I}: Introduction to Data Mining},
	author={O. R. ZaÃrane},
	year={2015},
	howpublished = "\url{https://webdocs.cs.ualberta.
ca/~zaiane/courses/cmput695/F07/slides/ch1-695-F07.pdf}",
	note = "[Online; diakses 14-September-2015]",
}

@article{PeughMissing:2004,
  title={Missing data in educational research: A review of reporting practices and suggestions for improvement},
  author={Peugh, James L and Enders, Craig K},
  journal={Review of educational research},
  volume={74},
  number={4},
  pages={525--556},
  year={2004},
  publisher={Sage Publications},
}

@inproceedings{GFS:2003,
 address              = {London, UK},
 author               = {S. Ghemawat, H. Gobioff and S. Leung},
 booktitle            = {The Google file system},
 isbn                 = {},
 pages                = {},
 publisher            = {},
 title                = {Proceedings of the nineteenth ACM symposium on Operating systems principles},
 year                 = {2003},
 }

@phdthesis{SpringCommerceToha:2010,
  title={Implementasi framework spring mvc untuk pembuatan sistem informasi manajemen e commerce},
  author={Toha, Mudzakkir},
  year={2010},
  school={Universitas Sebelas Maret}
}

@article{CogoluegnesIntroducing:2013,
  title={Introducing the Thymeleaf template engine},
  author={Cogolu{\`e}gnes, Arnaud},
  year={2013},
  publisher={Zenika}
}

@article{Amenta:2000,
 author               = {N. Amenta, M. Bern, D. Eppstein and S. -H. Teng},
 journal              = {Discrete and Computational Geometry},
 number               = {3},
 pages                = {305--323},
 title                = {Regression Depth and Center Points},
 volume               = {23},
 year                 = {2000},
 }

@incollection{Bomze:1999,
 author               = {Immanuel M. Bomze and Marco Budinich and Panos M. Pardalos and Marcello Pelillo},
 booktitle            = {Handbook of Combinatorial Optimization},
 editor               = {Ding Zhu Du and Panos M. Pardalos},
 pages                = {1--74},
 publisher            = {Kluwer Academic Publisher},
 title                = {The Maximum Clique Problem},
 volume               = {A sup.},
 year                 = {1999},
 }

@techreport{Brillinger:2001,
 author               = {David R. Brillinger and Haiganoush K. Preisler and Alan A. Ager and John G. Kie and Brent S. Stewart},
 institution          = {University of California, Berkeley},
 title                = {Modelling Movements of Free-Ranging Animals},
 year                 = {2001},
 }

@inbook{Buchin:2008,
 author               = {Kevin Buchin and Maike Buchin and Joachim Gudmundsson and Maarten Löffler and Jun Luo},
 booktitle            = {Algorithms and Computation},
 journal              = {Unknown Journal},
 pages                = {644--655},
 publisher            = {Springer Berlin / Heidelberg},
 series               = {Lecture Notes in Computer Science},
 title                = {Detecting Commuting Patterns by Clustering Subtrajectories},
 volume               = {Volume 5369/2008},
 year                 = {2008},
 }

@book{Kaufman:2005,
 author               = {Leonard Kaufman and Peter J. Rousseeuw},
 isbn                 = {978-0471735786},
 publisher            = {Wiley-Interscience},
 title                = {Finding Groups in Data: An Introduction to Cluster Analysis},
 year                 = {2005},
 }

@unpublished{Lionov:2009,
 author               = {Lionov},
 journal              = {Unknown Journal},
 note                 = {Experimentation Project Report},
 school               = {Utrecht Universiteit},
 title                = {Median Trajectory},
 year                 = {2009},
 }

 
